header 100 rec MicroLIF file                                                    
LDR01306pam  22     5a 4500^
003IMchF^
00520000404110431.6^
008940823s1996    nyua   j      000 0 eng  ^
010  _a   94031110 /AC^
020  _a0590441515 :_c$14.95^
040  _aDLC_cDLC_dDLC_dICrlF_dIMchF-DB_dICrlF^
043  _an-us---_an-us-ny^
05000_aJV6450_b.M34 1996^
08200_a304.8/73/009_221^
1001 _aMaestro, Betsy.^
24510_aComing to America :_bthe story of immigration /_cby Betsy Maestro ; illustrated by Susannah Ryan.^
260  _aNew York :_bScholastic,_cc1996.^
300  _a[40] p. :_bcol. ill. ;_c29 cm.^
520  _aTraces the history of immigration to the United States and tells people's reasons for choosing to move to America.^
61020_aEllis Island Immigration Station (New York, N.Y.)_xHistory_xJuvenile literature.^
61021_aEllis Island Immigration Station (New York, N.Y.)_xHistory.^
61027_aEllis Island Immigration Station (New York, N.Y.)_xHistory._2sears^
650 0_aImmigrants_zUnited States_xHistory_xJuvenile literature.^
650 1_aImmigrants.^
650 7_aImmigrants._2sears^
651 0_aUnited States_xEmigration and immigration_xHistory_xJuvenile literature.^
651 1_aUnited States_xEmigration and immigration_xHistory.^
651 7_aUnited States_xImmigration and emigration_xHistory._2sears^
7001 _aRyan, Susannah,_eill.^
900  _a304.8 MAE^
9401 _a4.8_bK-3_sWilson's Children_sElem. School Library Collection_sSchool Library Journal^
952  _a25877_cR_d304.8 MAE^`
