LDR01287pam  22     7a 4500^
003IMchF^
00520000321104353.2^
008931102s1996    nyua   j b    001 0 eng  ^
010  _a   93040296 /AC^
020  _a0679873929 (pbk.)^
020  _a0329031058^
020  _a0679943250^
020  _a0679887717 (pbk.)^
040  _aDLC_cDLC_dDLC_dICrlF_dKyLxBWI_dICrlF^
043  _an-us---^
05000_aHQ798_b.J85 1996^
08200_a305.23/5_221^
1001 _aJukes, Mavis.^
24510_aIt's a girl thing :_bhow to stay healthy, safe, and in charge /_cby Mavis Jukes ; illustrations by Debbie Tilley.^
260  _aNew York, N.Y. :_bAlfred A. Knopf :_bdistributed by Random House,_cc1996.^
300  _aviii, 135 p. :_bill. ;_c23 cm.^
504  _aIncludes bibliographical references (p. 130-132) and index.^
520  _aA guide for preteen girls discussing the physical changes associated with puberty and addressing other issues that teens face, such as drugs, drinking, sex, disease, and safety.^
650 0_aTeenage girls_zUnited States_xJuvenile literature.^
650 0_aPuberty_zUnited States_xJuvenile literature.^
650 0_aSex instruction for girls_zUnited States.^
650 1_aPuberty.^
650 1_aSex instruction for girls.^
650 7_aPuberty._2sears^
650 7_aSex education._2sears^
650 7_aAdolescence._2sears^
7001 _aTilley, Debbie,_eill.^
900  _a305.23 JUK^
9401 _a7.5_b5-8_sWilson's Children_sWilson's Junior High School_sElem. School Library Collection^
952  _a26036_cR_d305.23 JUK^`
