LDR01186pam  22      a 4500^
003IMchF^
00519960807153651.5^
008920115s1993    nyua   j b    000 0 eng  ^
010  _a   92003698 /AC^
020  _a0803712928 (trade) :_c$14.99^
020  _a0803712936 (lib. bdg.) :_c$14.89^
040  _aDLC_cDLC_dICrlF_dIMchF-DB_dICrlF^
043  _an-us---^
05000_aGT4403_b.P56 1993^
08204_a394.26_220^
1001 _aPinkney, Andrea Davis.^
24510_aSeven candles for Kwanzaa /_cAndrea Davis Pinkney ; pictures by Brian Pinkney.^
2463 _a7 candles for Kwanzaa^
250  _a1st ed.^
260  _aNew York :_bDial Books for Young Readers,_cc1993.^
300  _a[32] p. :_bcol. ill. ;_c24 x 29 cm.^
504  _aIncludes bibliographical references (p. [32]).^
520  _aDescribes the origins and practices of Kwanzaa, the seven-day festival during which people of African descent rejoice in their ancestral values.^
650 0_aKwanzaa_xJuvenile literature.^
650 0_aAfro-Americans_xSocial life and customs_xJuvenile literature.^
650 1_aKwanzaa.^
650 1_aAfro-Americans_xSocial life and customs.^
650 7_aKwanzaa._2sears^
650 7_aAfrican Americans_xSocial life and customs._2sears^
7001 _aPinkney, J. Brian,_eill.^
900  _a394.26 PIN^
9401 _a4.9_bK-3_sWilson's Children_sElem. School Library Collection_sSchool Library Journal^
952  _a26038_cR_d394.26 PIN^`
