LDR00971pam  22     4a 4500^
003IMchF^
00520000321083032.8^
008880225s1988    flua   j      001 0 eng  ^
010  _a   88004686 /AC^
020  _a0865924627^
040  _aDLC_cDLC_dICrlF^
0500 _aQL638.95.L3_bP35 1989^
08204_a597.3/3_221^
08200_a597/.31_219^
1001 _aPalmer, Sarah,_d1955-^
24510_aGreat white sharks /_cSarah Palmer ; illustrated by Ernest Nicol and Libby Turner.^
260  _aVero Beach, FL :_bRourke,_cc1988.^
300  _a24 p. :_bcol. ill. ;_c19 cm.^
4901 _aShark discovery library^
500  _aIncludes index.^
520  _aA brief description of the physical characteristics, habits, and natural environment of the great white shark, considered to be the most dangerous shark of all.^
650 0_aWhite shark_vJuvenile literature.^
650 1_aWhite shark.^
650 1_aSharks.^
650 7_aWhite shark._2sears^
650 7_aSharks._2sears^
7001 _aHadler, Sally,_eill.^
7001 _aNicol, Ernest,_eill.^
8001 _aPalmer, Sarah,_d1955- _tShark discovery library.^
900  _a597.3 PAL^
9402 _a3.8_b3-6_sSchool Library Journal^
952  _a1319_cR_d597.3 PAL^`
