LDR00887pam  22     4a 4500^
003IMchF^
00519991026155912.6^
008880205c19891988flua   j      001 0 eng  ^
010  _a   88003242 /AC^
020  _a0865924775^
040  _aDLC_cDLC_dICrlF^
0500 _aQL737.C425_bP34 1989^
08204_a599.5/22_221^
08200_a599.5/1_219^
1001 _aPalmer, Sarah,_d1955-^
24510_aGray whales /_cSarah Palmer ; illustrated by Sally Hadler.^
260  _aVero Beach, Fla. :_bRourke Enterprises,_c[1989], c1988.^
300  _a23 p. :_bcol. ill. ;_c19 x 20 cm.^
4901 _aThe Whale discovery library^
500  _aIncludes index.^
520  _aDescribes gray whales, where they live, what they eat, and their family life.^
650 0_aPacific gray whale_xJuvenile literature.^
650 1_aPacific gray whale.^
650 1_aWhales.^
650 7_aPacific gray whale._2sears^
650 7_aWhales._2sears^
7001 _aHadler, Sally,_eill.^
8001 _aPalmer, Sarah,_d1955-_tWhale discovery library.^
900  _a599.5 PAL^
9402 _a3.6_b3-6_sSchool Library Journal^
952  _a1325_cR_d599.5 PAL^`
