LDR00914pam  22     4a 4500^
003IMchF^
00519991027074126.3^
008880204s1988    flua   j      001 0 eng  ^
010  _a   88003238 /AC/r89^
020  _a0865924783^
040  _aDLC_cDLC_dDLC_dICrlF^
05000_aQL737.C424_bP35 1988^
08204_a599.5/25_221^
08200_a599.5/1_219^
1001 _aPalmer, Sarah,_d1955-^
24510_aHumpback whales /_cSarah Palmer ; illustrated by Tony Gibbon.^
260  _aVero Beach, Fla. :_bRourke Enterprises,_cc1988.^
300  _a23 p. :_bcol. ill. ;_c19 x 20 cm.^
4901 _aThe Whale discovery library^
500  _aIncludes index.^
520  _aIntroduces the physical appearance, habits, diet, and habitat of the humpback whale and threats to its existence.^
650 0_aHumpback whale_xJuvenile literature.^
650 1_aHumpback whale.^
650 1_aWhales.^
650 7_aHumpback whale._2sears^
650 7_aWhales._2sears^
7001 _aGibbon, Tony,_eill.^
8001 _aPalmer, Sarah,_d1955-_tWhale discovery library.^
900  _a599.5 PAL^
9402 _a3.5_b3-6_sSchool Library Journal^
952  _a1328_cR_d599.5 PAL^`
