LDR00804pam  22     4a 4500^
003IMchF^
00519991026121742.0^
008891205s1990    flua   j      001 0 eng  ^
010  _a   89070168 /AC^
020  _a0865930422^
040  _aDLC_cDLC_dDLC_dICrlF^
05000_aQL737.C27_bS76 1990^
08204_a599.78_221^
08200_a599.74/446_220^
1001 _aStone, Lynn M.^
24510_aBears /_cLynn M. Stone.^
260  _aVero Beach, Fla. :_bRourke Corp.,_cc1990.^
300  _a24 p. :_bcol. ill ;_c19 cm.^
4901 _aNorth American animal discovery library^
500  _aIncludes index.^
520  _aAn introduction to the physical characteristics, habits, natural environment, and future prospects of the three species of bears that live in North America.^
650 0_aBears_xJuvenile literature.^
650 1_aBears.^
650 7_aBears._2sears^
8001 _aStone, Lynn M._tNorth American animal discovery library.^
900  _a599.74 STO^
9402 _a2.8_b3-6^
952  _a1308_cR_d599.74 STO^`
