LDR00978pam  22     4a 4500^
003IMchF^
008880815s1989    nyua   j      001 0 eng  ^
010  _a   88026408 /AC^
020  _a0671671227 :_c$14.95^
040  _aDLC_cDLC_dICrlF^
0500 _aQL737.C43_bM35 1989^
0820 _a639.9/7953_219^
1001 _aMallory, Kenneth.^
24510_aRescue of the stranded whales /_cKenneth Mallory and Andrea Conley.^
260  _aNew York :_bSimon and Schuster Books for Young Readers in association with the New England Aquarium,_c1989.^
300  _a63 p. :_bcol. ill. ;_c27 cm.^
520  _aDescribes the rescue, rehabilitation, and successful release of three young pilot whales that were stranded on a Cape Cod beach during the winter of 1986.^
650 0_aWhales_xJuvenile literature.^
650 0_aWildlife rescue_xJuvenile literature.^
650 1_aWhales.^
650 1_aWildlife rescue.^
650 7_aWhales._2sears^
650 7_aWildlife rescue._2sears^
70010_aConley, Andrea.^
71020_aNew England Aquarium Corporation.^
900  _a639.9 MAL^
9401 _a5.8_b3-6_sSchool Library Journal starred_sBook Links (A.L.A.)_sBooklist^
952  _a20382_cR_d639.9 MAL^`
