LDR00815pam  22     2a 4500^
003IMchF^
00519970512073945.4^
008960830s1996    nyua   j      001 0 eng  ^
010  _a   96035196 /AC^
020  _a0865056307 (RLB)^
020  _a0865057303 (paper)^
040  _aDLC_cDLC_dDLC_dICrlF^
05000_aGV552_b.K35 1996^
08204_a791.3_221^
08200_a796.47_220^
1001 _aKalman, Bobbie,_d1947-^
24510_aKids perform circus arts /_cBobbie Kalman.^
260  _aNew York :_bCrabtree Pub.,_cc1997.^
300  _a32 p. :_bcol. ill. ;_c25 cm.^
440 0_aCrabapples^
500  _aIncludes index.^
520  _aShows children learning and performing many of the acts that are used in a circus, including juggling, walking on a tightrope, swinging on a trapeze, and more.^
650 0_aAcrobatics_xJuvenile literature.^
650 0_aCircus_xJuvenile literature.^
650 1_aCircus.^
650 7_aCircus._2sears^
900  _a791.3 KAL^
9401 _a4.2_bK-3_sLibrary Talk^
952  _a35078_cR_d791.3 KAL^`
