LDR00898nam  22     2a 4500^
003IMchF^
008890209s1989    enka   j      001 0beng  ^
010  _a   89050205 /AC^
020  _a0531108260 (lib. bdg.)^
040  _aDLC_cDLC_dDLC_dICrlF^
043  _ae-uk---^
05000_aGV461_b.W64 1989^
08200_a796.44/092_aB_220^
1001 _aWood, Tim.^
24510_aGymnastics /_cTim Wood ; photographs, Chris Fairclough.^
260  _aLondon ;_aNew York :_bF. Watts,_cc1989.^
300  _a32 p. :_bcol. ill. ;_c23 cm.^
4901 _aMy sport^
520  _aFollows gymnast Catherine Bain as she practices at her gymnastics club and participates in a championship competition.^
60010_aBain, Catherine_xJuvenile literature.^
60011_aBain, Catherine.^
650 0_aGymnastics_xJuvenile literature.^
650 0_aGymnasts_zGreat Britain_xBiography_xJuvenile literature.^
650 1_aGymnastics.^
650 7_aGymnastics._2sears^
70011_aFairclough, Chris,_eill.^
8001 _aWood, Tim._tMy sport.^
900  _a796.44 WOO^
9402 _a3.9_bK-3_sSchool Library Journal^
952  _a20711_cR_d796.44 WOO^`
