LDR00751pam  22     7a 4500^
003IMchF^
00519900823110348.6^
008891127s1990    nyua   j      001 0 eng  ^
010  _a   89039677 /AC^
020  _a0531140520^
040  _aDLC_cDLC_dDLC_dICrlF^
05000_aGV1114_b.W66 1990^
08200_a796.8/152_220^
1001 _aWood, Tim.^
24510_aJudo /_cTim Wood ; photographs, Chris Fairclough.^
260  _aNew York :_bF. Watts,_cc1990.^
300  _a32 p. :_bchiefly col. ill. ;_c23 cm.^
4901 _aMy sport^
520  _aOutlines the training, special preparation, and techniques needed to compete successfully in judo.^
650 0_aJudo_xJuvenile literature.^
650 0_aJudo_xTraining_xJuvenile literature.^
650 1_aJudo.^
650 7_aJudo._2sears^
70011_aFairclough, Chris,_eill.^
8001 _aWood, Tim._tMy sport.^
900  _a796.8 WOO^
9401 _a4.4_bK-3_sSchool Library Journal^
952  _a21173_cR_d796.8 WOO^`
