LDR00946cam  22     8a 4500^
003IMchF^
00519950911093837.1^
008931206s1996    mnua   j      000 0 eng  ^
010  _a   93048449 /AC^
020  _a0886826845^
040  _aDLC_cDLC_dDLC_dICrlF^
043  _an-us-pa^
05000_aGV848.P58_bG55 1994^
08200_a796.962/64/0974886_220^
1001 _aGilbert, John,_d1942-^
24510_aPittsburgh Penguins /_cJohn Gilbert.^
24630_aPenguins^
260  _aMankato, Minn. :_bCreative Education,_cc1996.^
300  _a32 p. :_bill. (some col.) ;_c25 cm.^
440 0_aNHL today^
520  _aPresents a history of the Pittsburgh Penguins hockey team, highlighting the games and players that have contributed to the team's success through the years.^
61020_aPittsburgh Penguins (Hockey team)_xHistory_xJuvenile literature.^
61021_aPittsburgh Penguins (Hockey team)_xHistory.^
61027_aPittsburgh Penguins (Hockey team)_xHistory._2sears^
61027_aNational Hockey League._2sears^
650 1_aHockey_xHistory.^
650 7_aHockey_xHistory._2sears^
900  _a796.962 GIL^
9401 _a6.5_b3-6^
952  _a1353_cR_d796.962 GIL^`
