LDR00898pam  22      a 4500^
003IMchF^
00519900501094349.1^
008890504s1990    njua   j      000 0 eng  ^
010  _a   89034372 /AC^
020  _a0816717354 (lib. bdg.) :_c$9.79^
020  _a0816717362 (pbk.) :_c$2.95^
040  _aDLC_cDLC_dDLC_dICrlF^
043  _an-us-wi^
05000_aTL721.6.O84_bC75 1990^
08200_a797.5_220^
1001 _aCrisfield, Deborah.^
24513_aAn air show adventure /_cby Deborah Crisfield ; photography by Donald Emmerich.^
260  _aMahwah, N.J. :_bTroll Associates,_cc1990.^
300  _a32 p. :_bcol. ill. ;_c24 cm.^
440 0_aLet's take a trip^
520  _aDescribes events at the EAA Fly-in, an air show held in Oshkosh, Wisconsin, focusing on the unique aircraft on display.^
650 0_aAir shows_zWisconsin_zOshkosh_xJuvenile literature.^
650 1_aAir shows.^
650 1_aAirplanes.^
650 7_aAir shows._2sears^
650 7_aAirplanes._2sears^
70011_aEmmerich, Donald,_eill.^
900  _a797.5 CRI^
9401 _a5.3_b3-6_sSchool Library Journal^
952  _a20779_cR_d797.5 CRI^`
