LDR00839pam  22     1a 4500^
003IMchF^
00519980204093521.4^
008881013c19891963nyua   j      000 1 eng  ^
010  _a   88007902 /AC^
020  _a0689712995 :_c$4.95^
020  _a0329035959^
040  _aDLC_cDLC_dDLC_dICrlF^
05000_aPZ8.3.B348_bAm 1989^
08200_a811/.54_aE_219^
1001 _aBaylor, Byrd.^
24510_aAmigo /_cby Byrd Baylor ; illustrated by Garth Williams.^
250  _a1st Aladdin Books ed.^
260  _aNew York :_bAladdin Books,_c1989, c1963.^
300  _a41 p. :_bcol. ill. ;_c23 cm.^
520  _aDesperately wanting a pet to love, a boy decides to tame a prairie dog who has already decided to tame the boy for his own pet.^
650 1_aPrairie dogs_xFiction.^
650 1_aPets_xFiction.^
650 1_aStories in rhyme.^
650 7_aPrairie dogs_xFiction._2sears^
650 7_aPets_xFiction._2sears^
650 7_aStories in rhyme._2sears^
70011_aWilliams, Garth,_eill.^
900  _a811 BAY^
9402 _a2.5_bK-3^
952  _a622_cR_d811 BAY^`
