LDR00866cam  22      a 4500^
003IMchF^
008791101c19791978nyua   j      001 0 eng  ^
010  _a   78068532 /AC/r84^
020  _a0531091244^
040  _aDLC_cDLC_dICrlF^
043  _ae-gr---^
0500 _aDF77_b.F23 1978^
082  _a938^
1001 _aFagg, Christopher.^
24510_aAncient Greece /_c[Christopher Fagg ; editor, Frances M. Clapham ; illustrators, Constance Dear ... et al.].^
260  _aNew York :_bWarwick Press,_c1979, c1978.^
300  _a44 p. :_bcol. ill. ;_c28 cm.^
4900 _aModern knowledge library^
500  _aIncludes index.^
520  _aDiscusses the civilization of the ancient Greeks who were the first to develop a democratic way of life.^
650 7_aCivilization, Greek._2sears^
651 0_aGreece_xCivilization_yTo 146 B.C._xJuvenile literature.^
651 1_aGreece_xCivilization_yTo 146 B.C.^
651 7_aGreece_xHistory._2sears^
70010_aDear, Constance.^
900  _a938 FAG^
9401 _a6.6_b5-8_sSchool Library Journal^
952  _a31798_cR_d938 FAG^`
