LDR00846cam  22     5a 4500^
003IMchF^
00519931020141518.6^
008860407s1986    iluab  j      001 0 eng  ^
010  _a   86009631 /AC/r93^
020  _a0516012886^
040  _aDLC_cDLC_dDLC_dICrlF^
043  _aa------^
05000_aDS10_b.G42 1986^
08200_a950_219^
1001 _aGeorges, D. V.^
24510_aAsia /_cby D.V. Georges.^
260  _aChicago :_bChildrens Press,_cc1986.^
300  _a45 p. :_bill. (some col.), maps (some col.) ;_c23 cm.^
4900 _aA New true book^
500  _aIncludes index.^
520  _aIdentifies the continent of Asia, divides it into seven regions, including the Middle East, Siberia, Far East, and Himalayas, and discusses their countries, cities, and geographical features.^
651 0_aAsia_xDescription and travel_xJuvenile literature.^
651 1_aAsia_xDescription and travel.^
651 7_aAsia_xGeography._2sears^
651 7_aAsia_xDescription._2sears^
900  _a950 GEO^
9402 _a3.2_bK-3^
952  _a25031_cR_d950 GEO^`
