LDR00916pam  22      a 4500^
003IMchF^
00520000829122433.8^
008910430s1992    flua   j      001 0 eng  ^
010  _a   91004114 /AC^
020  _a0866253904^
040  _aDLC_cDLC_dDLC_dICrlF^
043  _anp-----_an-ust--^
05000_aE99.C85_bL63 1992^
08204_a978.004/9745_221^
08200_a973/.04974_220^
1001 _aLodge, Sally,_d1953-^
24514_aThe Comanche /_cby Sally Lodge ; illustrated by Katherine Ace.^
260  _aVero Beach, Fla. :_bRourke Publications,_cc1992.^
300  _a31 p. :_bill. (some col.) ;_c29 cm.^
440 0_aNative American people^
500  _aIncludes index.^
520  _aExamines the history, traditional lifestyle, and current situation of the Comanche Indians.^
650 0_aComanche Indians_xJuvenile literature.^
650 1_aComanche Indians.^
650 1_aIndians of North America.^
650 7_aComanche Indians._2sears^
650 7_aNative Americans_zUnited States._2sears^
7001 _aAce, Katherine,_eill.^
900  _a973 LOD^
9401 _a6.9_b5-8_sSchool Library Journal_sBooklist^
952  _a1263_cR_d973 LOD^`
