LDR00192nam  22     2  4500^
008891207s19xx    xxu           00010 eng d^
040  _cIMchF^
245 0_aAbe Lincoln :_bthe young years.^
260  _bTroll,_c1982.^
300  _a[ ] p.^
900  _aABE^
952  _a31897_cR_dABE^`
