LDR00236nam  22     2  4500^
008891207s19xx    xxu           00010 eng d^
040  _cIMchF^
245 0_aAbe Lincoln goes to Washington.^
260  _a[Washington, D.C.] :_bNational Geographic Society,_c1996.^
300  _a[ ] p.^
900  _aABE^
952  _a25846_cR_dABE^`
