LDR00199nam  22     2  4500^
008891207s19xx    xxu           00010 eng d^
040  _cIMchF^
245 0_aAbigail Adams :_bdear partner.^
260  _bChelsea House,_c1991.^
300  _a[ ] p.^
900  _aABI^
952  _a25333_cR_dABI^`
