LDR00169nam  22     2  4500^
008891207s19xx    xxu           00010 eng d^
040  _cIMchF^
245 0_aAbiyoyo.^
260  _bPuffin,_c1986.^
300  _a[ ] p.^
900  _aABI^
952  _a2000_cR_dABI^`
