LDR00203nam  22     2  4500^
00520011119075709.0^
008891207s19xx    xxu           00010 eng d^
040  _cIMchF^
245 3_aAn aboriginal family.^
260  _bLerner,_c1985.^
300  _a[ ] p.^
900  _aABO^
952  _a32051_cR_dABO^`
