LDR00202nam  22     2  4500^
008891207s19xx    xxu           00010 eng d^
040  _cIMchF^
245 0_aAbracadabra kid :_ba writer's life.^
260  _bGreenwillow,_c1996.^
300  _a[ ] p.^
900  _aABR^
952  _a25847_cR_dABR^`
