LDR00183nam  22     2  4500^
008891207s19xx    xxu           00010 eng d^
040  _cIMchF^
245 0_aAbraham Lincoln.^
260  _bBridgestone,_c1998.^
300  _a[ ] p.^
900  _aABR^
952  _a35259_cR_dABR^`
