LDR00197nam  22     2  4500^
008891207s19xx    xxu           00010 eng d^
040  _cIMchF^
245 0_aAbraham Lincoln :_bfor the people.^
260  _bChelsea,_c1991.^
300  _a[ ] p.^
900  _aABR^
952  _a25334_cR_dABR^`
