LDR00237nam  22     2  4500^
00520011119075709.0^
008891207s19xx    xxu           00010 eng d^
040  _cIMchF^
245 4_aThe absoluetly true story - how I visted Yellow Stone P^
260  _bAladdin,_c1994.^
300  _a[ ] p.^
900  _aABS^
952  _a2207_cR_dABS^`
