LDR00178nam  22     2  4500^
008891207s19xx    xxu           00010 eng d^
040  _cIMchF^
245 0_aAbsolute rulers.^
260  _bGarret,_c1992.^
300  _a[ ] p.^
900  _aABS^
952  _a35154_cR_dABS^`
