LDR00189nam  22     2  4500^
008891207s19xx    xxu           00010 eng d^
040  _cIMchF^
245 0_aAbuelitas paradise.^
260  _a[S.l. :_bs.n.],_c1992.^
300  _a[ ] p.^
900  _aABU^
952  _a25189_cR_dABU^`
