LDR00177nam  22     2  4500^
008891207s19xx    xxu           00010 eng d^
040  _cIMchF^
245 0_aAce defense men.^
260  _bRourke,_c1994.^
300  _a[ ] p.^
900  _aACE^
952  _a1223_cR_dACE^`
