LDR00181nam  22     2  4500^
008891207s19xx    xxu           00010 eng d^
040  _cIMchF^
245 0_aAcross the lines.^
260  _bAtheneum,_c1997.^
300  _a[ ] p.^
900  _aACR^
952  _a25848_cR_dACR^`
