LDR00180nam  22     2  4500^
008891207s19xx    xxu           00010 eng d^
040  _cIMchF^
245 0_aAcross the stream.^
260  _bMulberry,_c1986.^
300  _a[ ] p.^
900  _aACR^
952  _a777_cR_dACR^`
