LDR00182nam  22     2  4500^
008891207s19xx    xxu           00010 eng d^
040  _cIMchF^
245 0_aAddie meets Max.^
260  _bHarper Trophy,_c1985.^
300  _a[ ] p.^
900  _aADD^
952  _a41_cR_dADD^`
