LDR00179nam  22     2  4500^
008891207s19xx    xxu           00010 eng d^
040  _cIMchF^
245 0_aAddition Annie.^
260  _bChildrens,_c1991.^
300  _a[ ] p.^
900  _aADD^
952  _a2001_cR_dADD^`
