LDR00187nam  22     2  4500^
008891207s19xx    xxu           00010 eng d^
040  _cIMchF^
245 0_aAddy saves the day.^
260  _bPleasant Co.,_c1994.^
300  _a[ ] p.^
900  _aADD^
952  _a25849_cR_dADD^`
