LDR00209nam  22     2  4500^
008891207s19xx    xxu           00010 eng d^
040  _cIMchF^
245 0_aAdopted by the eagles.^
260  _bMaxwell Macmillan International,_c1994.^
300  _a[ ] p.^
900  _aADO^
952  _a25703_cR_dADO^`
