LDR00193nam  22     2  4500^
008891207s19xx    xxu           00010 eng d^
040  _cIMchF^
245 0_aAdoption is for always.^
260  _bAlbert Whitman,_c1986.^
300  _a[ ] p.^
900  _aADO^
952  _a20181_cR_dADO^`
