LDR00199nam  22     2  4500^
008891207s19xx    xxu           00010 eng d^
040  _cIMchF^
245 0_aAdventures of a 2-minute werewolf.^
260  _bDoubleday,_c1983.^
300  _a[ ] p.^
900  _aADV^
952  _a31944_cR_dADV^`
