LDR00197nam  22     2  4500^
008891207s19xx    xxu           00010 eng d^
040  _cIMchF^
245 0_aAdventures of Captain Underpants.^
260  _bBlue Sky,_c1997.^
300  _a[ ] p.^
900  _aADV^
952  _a26039_cR_dADV^`
