LDR00221nam  22     2  4500^
00520011119075709.0^
008891207s19xx    xxu           00010 eng d^
040  _cIMchF^
245 4_aThe adventures of High John.^
260  _bOrchard Conqueror,_c1989.^
300  _a[ ] p.^
900  _aADV^
952  _a20515_cR_dADV^`
