LDR00187nam  22     2  4500^
008891207s19xx    xxu           00010 eng d^
040  _cIMchF^
245 0_aAdventurs of a paper cup.^
260  _bDutton,_c1968.^
300  _a[ ] p.^
900  _aADV^
952  _a30076_cR_dADV^`
