LDR00179nam  22     2  4500^
008891207s19xx    xxu           00010 eng d^
040  _cIMchF^
245 0_aAdvertising.^
260  _bGarrett Ed.,_c1990.^
300  _a[ ] p.^
900  _aADV^
952  _a35155_cR_dADV^`
