LDR00187nam  22     2  4500^
008891207s19xx    xxu           00010 eng d^
040  _cIMchF^
245 0_aAesop for children.^
260  _bRand McNally,_c1919.^
300  _a[ ] p.^
900  _aAES^
952  _a32780_cR_dAES^`
