LDR00182nam  22     2  4500^
008891207s19xx    xxu           00010 eng d^
040  _cIMchF^
245 0_aAesop's fables.^
260  _bJunior Bks.,_c1988.^
300  _a[ ] p.^
900  _aAES^
952  _a20118_cR_dAES^`
