LDR00202nam  22     2  4500^
00520011119075709.0^
008891207s19xx    xxu           00010 eng d^
040  _cIMchF^
245 4_aThe African rhinos.^
260  _bMaxwell,_c1992.^
300  _a[ ] p.^
900  _aAFR^
952  _a25190_cR_dAFR^`
