LDR00205nam  22     2  4500^
008891207s19xx    xxu           00010 eng d^
040  _cIMchF^
245 0_aAfter the goat man.^
260  _bPuffin,_c1974.^
300  _a[ ] p.^
900  _aAFT^
952  _a42_t1_cR_dAFT^
952  _a31583_t2_cR_dAFT^`
