LDR00198nam  22     2  4500^
008891207s19xx    xxu           00010 eng d^
040  _cIMchF^
245 0_aAge of Aquarius; you and astrology.^
260  _bCrowell,_c1979.^
300  _a[ ] p.^
900  _aAGE^
952  _a31791_cR_dAGE^`
