LDR00197nam  22     2  4500^
008891207s19xx    xxu           00010 eng d^
040  _cIMchF^
245 0_aAids :_bhow it works in the body.^
260  _bF. Watts,_c1992.^
300  _a[ ] p.^
900  _aAID^
952  _a25191_cR_dAID^`
