LDR00175nam  22     2  4500^
008891207s19xx    xxu           00010 eng d^
040  _cIMchF^
245 0_aAir.^
260  _bChildrens Press,_c1982.^
300  _a[ ] p.^
900  _aAIR^
952  _a25020_cR_dAIR^`
