LDR00171nam  22     2  4500^
008891207s19xx    xxu           00010 eng d^
040  _cIMchF^
245 0_aAirliners.^
260  _bWatts,_c1984.^
300  _a[ ] p.^
900  _aAIR^
952  _a30798_cR_dAIR^`
