LDR00177nam  22     2  4500^
008891207s19xx    xxu           00010 eng d^
040  _cIMchF^
245 0_aAirplanes.^
260  _bCopper Beech,_c1995.^
300  _a[ ] p.^
900  _aAIR^
952  _a1161_cR_dAIR^`
