LDR00172nam  22     2  4500^
008891207s19xx    xxu           00010 eng d^
040  _cIMchF^
245 0_aAlabama.^
260  _bCapstone,_c1998.^
300  _a[ ] p.^
900  _aALA^
952  _a35393_cR_dALA^`
