LDR00194nam  22     2  4500^
008891207s19xx    xxu           00010 eng d^
040  _cIMchF^
245 0_aAlabama in words and pictures.^
260  _bChildren,_c1980.^
300  _a[ ] p.^
900  _aALA^
952  _a31850_cR_dALA^`
