LDR00181nam  22     2  4500^
008891207s19xx    xxu           00010 eng d^
040  _cIMchF^
245 0_aAlarming animals.^
260  _bRaintree,_c1994.^
300  _a[ ] p.^
900  _aALA^
952  _a25509_cR_dALA^`
