LDR00182nam  22     2  4500^
008891207s19xx    xxu           00010 eng d^
040  _cIMchF^
245 0_aAlbert Schweitzer.^
260  _bBardett,_c[19--]^
300  _a[ ] p.^
900  _aALB^
952  _a21033_cR_dALB^`
