LDR00181nam  22     2  4500^
008891207s19xx    xxu           00010 eng d^
040  _cIMchF^
245 0_aAlberts ballgame.^
260  _bAtheneum,_c1996.^
300  _a[ ] p.^
900  _aALB^
952  _a25757_cR_dALB^`
