LDR00200nam  22     2  4500^
008891207s19xx    xxu           00010 eng d^
040  _cIMchF^
245 0_aAlbum or rocks and minerals.^
260  _bCheckboard Press,_c1987.^
300  _a[ ] p.^
900  _aALB^
952  _a25023_cR_dALB^`
