LDR00239nam  22     2  4500^
008891207s19xx    xxu           00010 eng d^
040  _cIMchF^
245 0_aAlexander and the terrible, horrible, no good very bad^
260  _bAladdin,_c1972.^
300  _a[ ] p.^
900  _aALE^
952  _a44_t1_cR_dALE^
952  _a781_t2_cR_dALE^`
