LDR00204nam  22     2  4500^
008891207s19xx    xxu           00010 eng d^
040  _cIMchF^
245 0_aAlexander who used to be rich last Sunday.^
260  _bMacmillan,_c1988.^
300  _a[ ] p.^
900  _aALE^
952  _a45_cR_dALE^`
