LDR00185nam  22     2  4500^
008891207s19xx    xxu           00010 eng d^
040  _cIMchF^
245 0_aAlfonse, where are you?.^
260  _bCrown,_c1996.^
300  _a[ ] p.^
900  _aALF^
952  _a26008_cR_dALF^`
