LDR00214nam  22     2  4500^
008891207s19xx    xxu           00010 eng d^
040  _cIMchF^
245 0_aAl Gore, vice president.^
260  _bMillbrook,_c1994.^
300  _a[ ] p.^
900  _aALG^
952  _a25508_t1_cR_dALG^
952  _a764_t2_cR_dALG^`
