LDR00173nam  22     2  4500^
008891207s19xx    xxu           00010 eng d^
040  _cIMchF^
245 0_aAlgeria.^
260  _bChildrens,_c1990.^
300  _a[ ] p.^
900  _aALG^
952  _a25026_cR_dALG^`
