LDR00191nam  22     2  4500^
008891207s19xx    xxu           00010 eng d^
040  _cIMchF^
245 0_aAli Baba & the forty thieves.^
260  _bAbrams,_c1988.^
300  _a[ ] p.^
900  _aALI^
952  _a20480_cR_dALI^`
