LDR00200nam  22     2  4500^
008891207s19xx    xxu           00010 eng d^
040  _cIMchF^
245 0_aAlice and the boa constrictor.^
260  _a[S.l. :_bs.n.],_c1983.^
300  _a[ ] p.^
900  _aALI^
952  _a30725_cR_dALI^`
