LDR00202nam  22     2  4500^
008891207s19xx    xxu           00010 eng d^
040  _cIMchF^
245 0_aAlice Nizzy Nazzy, the witch of Santa Fe.^
260  _bPutnam,_c1995.^
300  _a[ ] p.^
900  _aALI^
952  _a2002_cR_dALI^`
