LDR00190nam  22     2  4500^
008891207s19xx    xxu           00010 eng d^
040  _cIMchF^
245 0_aAliens don't wear braces.^
260  _bScholastic,_c1993.^
300  _a[ ] p.^
900  _aALI^
952  _a2003_cR_dALI^`
