LDR00182nam  22     2  4500^
008891207s19xx    xxu           00010 eng d^
040  _cIMchF^
245 0_aAliens for lunch.^
260  _bRandom House,_c1991.^
300  _a[ ] p.^
900  _aALI^
952  _a47_cR_dALI^`
