LDR00179nam  22     2  4500^
008891207s19xx    xxu           00010 eng d^
040  _cIMchF^
245 0_aAll aboard!.^
260  _bGreenwillow,_c1995.^
300  _a[ ] p.^
900  _aALL^
952  _a25631_cR_dALL^`
