LDR00174nam  22     2  4500^
008891207s19xx    xxu           00010 eng d^
040  _cIMchF^
245 0_aAll about Stacey.^
260  _bDell,_c1988.^
300  _a[ ] p.^
900  _aALL^
952  _a49_cR_dALL^`
