LDR00206nam  22     2  4500^
008891207s19xx    xxu           00010 eng d^
040  _cIMchF^
245 0_aAll God's critters got a place in the choir.^
260  _bDutton,_c1978.^
300  _a[ ] p.^
900  _aALL^
952  _a20516_cR_dALL^`
