LDR00173nam  22     2  4500^
008891207s19xx    xxu           00010 eng d^
040  _cIMchF^
245 0_aAll I see.^
260  _bOrchard,_c1988.^
300  _a[ ] p.^
900  _aALL^
952  _a20275_cR_dALL^`
