LDR00190nam  22     2  4500^
008891207s19xx    xxu           00010 eng d^
040  _cIMchF^
245 0_aAll the colors of the earth.^
260  _bMorrow,_c1994.^
300  _a[ ] p.^
900  _aALL^
952  _a25510_cR_dALL^`
