LDR00184nam  22     2  4500^
008891207s19xx    xxu           00010 eng d^
040  _cIMchF^
245 0_aAll-terrian bicyclaling.^
260  _bHolt,_c1987.^
300  _a[ ] p.^
900  _aALL^
952  _a20911_cR_dALL^`
