LDR00170nam  22     2  4500^
008891207s19xx    xxu           00010 eng d^
040  _cIMchF^
245 0_aAlligators.^
260  _bAbdo,_c1994.^
300  _a[ ] p.^
900  _aALL^
952  _a1160_cR_dALL^`
