LDR00186nam  22     2  4500^
008891207s19xx    xxu           00010 eng d^
040  _cIMchF^
245 0_aAlmost starring skinnybones.^
260  _bKnopf,_c1988.^
300  _a[ ] p.^
900  _aALM^
952  _a51_cR_dALM^`
