LDR00186nam  22     2  4500^
008891207s19xx    xxu           00010 eng d^
040  _cIMchF^
245 0_aAlmost the real thing.^
260  _bBradbury,_c1991.^
300  _a[ ] p.^
900  _aALM^
952  _a21369_cR_dALM^`
