LDR00185nam  22     2  4500^
008891207s19xx    xxu           00010 eng d^
040  _cIMchF^
245 0_aAlong came a dog.^
260  _bHarper & Trophy,_c1958.^
300  _a[ ] p.^
900  _aALO^
952  _a52_cR_dALO^`
