LDR00176nam  22     2  4500^
008891207s19xx    xxu           00010 eng d^
040  _cIMchF^
245 0_aAlphabet city.^
260  _bViking,_c1995.^
300  _a[ ] p.^
900  _aALP^
952  _a25758_cR_dALP^`
