LDR00201nam  22     2  4500^
008891207s19xx    xxu           00010 eng d^
040  _cIMchF^
245 0_aAlzheimer's disease :_bsilent epidemic.^
260  _bLerner,_c1985.^
300  _a[ ] p.^
900  _aALZ^
952  _a32074_cR_dALZ^`
